@book{xie_2018_rmarkdown,
  title={R markdown: The definitive guide},
  author={Xie, Yihui and Allaire, Joseph J and Grolemund, Garrett},
  year={2018},
  publisher={Chapman and Hall/CRC}
}
@article{Athey_2017,
	doi = {10.1257/jep.31.2.3},
	url = {https://doi.org/10.1257%2Fjep.31.2.3},
	year = 2017,
	month = {may},
	publisher = {American Economic Association},
	volume = {31},
	number = {2},
	pages = {3--32},
	author = {Susan Athey and Guido W. Imbens},
	title = {The State of Applied Econometrics: Causality and Policy Evaluation},
	journal = {Journal of Economic Perspectives}
}
@article{deschenes2007economic,
  title={The economic impacts of climate change: evidence from agricultural output and random fluctuations in weather},
  author={Desch{\^e}nes, Olivier and Greenstone, Michael},
  journal={American economic review},
  volume={97},
  number={1},
  pages={354--385},
  year={2007}
}
@article{bertrand_2004_AER,
  title={Are Emily and Greg more employable than Lakisha and Jamal? A field experiment on labor market discrimination},
  author={Bertrand, Marianne and Mullainathan, Sendhil},
  journal={American economic review},
  volume={94},
  number={4},
  pages={991--1013},
  year={2004},
  doi = {10.1257/0002828042002561},
}
@book{Imai_2018_quantitative,
  title={Quantitative social science: an introduction},
  author={Imai, Kosuke},
  year={2018},
  publisher={Princeton University Press}
}